@article{liu2012sentiment,
  title={Sentiment analysis and opinion mining},
  author={Liu, Bing},
  journal={Synthesis lectures on human language technologies},
  volume={5},
  number={1},
  pages={1--167},
  year={2012},
  publisher={Morgan \& Claypool Publishers}
}

@article{刘丽2015面向产品评论的细粒度情感分析,
  title={面向产品评论的细粒度情感分析},
  author={刘丽 and 王永恒 and 韦航},
  journal={计算机应用},
  volume={35},
  number={12},
  pages={3481--3486},
  year={2015}
}

@phdthesis{许力波2013产品评价对象与情感词搭配关系的抽取,
  title={产品评价对象与情感词搭配关系的抽取 [D]},
  author={许力波},
  year={2013},
  school={北京邮电大学}
}

@inproceedings{che2010ltp,
  title={Ltp: A chinese language technology platform},
  author={Che, Wanxiang and Li, Zhenghua and Liu, Ting},
  booktitle={Proceedings of the 23rd International Conference on Computational Linguistics: Demonstrations},
  pages={13--16},
  year={2010},
  organization={Association for Computational Linguistics}
}

@article{pkuseg,
  author = {Luo, Ruixuan and Xu, Jingjing and Zhang, Yi and Ren, Xuancheng and Sun, Xu},
  journal = {CoRR},
  title = {PKUSEG: A Toolkit for Multi-Domain Chinese Word Segmentation.},
  url = {https://arxiv.org/abs/1906.11455},
  volume = {abs/1906.11455},
  year = 2019
}

@article{zeng2014relation,
  title={Relation classification via convolutional deep neural network},
  author={Zeng, Daojian and Liu, Kang and Lai, Siwei and Zhou, Guangyou and Zhao, Jun and others},
  year={2014}
}

@article{wei2019eda,
  title={Eda: Easy data augmentation techniques for boosting performance on text classification tasks},
  author={Wei, Jason W and Zou, Kai},
  journal={arXiv preprint arXiv:1901.11196},
  year={2019}
}

@inproceedings{xu2019key,
  title={A Key-Phrase Aware End2end Neural Response Generation Model},
  author={Xu, Jun and Wang, Haifeng and Niu, Zhengyu and Wu, Hua and Che, Wanxiang},
  booktitle={CCF International Conference on Natural Language Processing and Chinese Computing},
  pages={65--77},
  year={2019},
  organization={Springer}
}

@article{sun2019ernie,
  title={Ernie 2.0: A continual pre-training framework for language understanding},
  author={Sun, Yu and Wang, Shuohuan and Li, Yukun and Feng, Shikun and Tian, Hao and Wu, Hua and Wang, Haifeng},
  journal={arXiv preprint arXiv:1907.12412},
  year={2019}
}

@inproceedings{hu2004mining,
  title={Mining and summarizing customer reviews},
  author={Hu, Minqing and Liu, Bing},
  booktitle={Proceedings of the tenth ACM SIGKDD international conference on Knowledge discovery and data mining},
  pages={168--177},
  year={2004},
  organization={ACM}
}

@inproceedings{jin2009novel,
  title={A novel lexicalized HMM-based learning framework for web opinion mining},
  author={Jin, Wei and Ho, Hung Hay and Srihari, Rohini K},
  booktitle={Proceedings of the 26th annual international conference on machine learning},
  pages={465--472},
  year={2009},
  organization={Citeseer}
}

@inproceedings{jakob2010extracting,
  title={Extracting opinion targets in a single-and cross-domain setting with conditional random fields},
  author={Jakob, Niklas and Gurevych, Iryna},
  booktitle={Proceedings of the 2010 conference on empirical methods in natural language processing},
  pages={1035--1045},
  year={2010},
  organization={Association for Computational Linguistics}
}

@article{wang2015deep,
  title={Deep learning for aspect-based sentiment analysis},
  author={Wang, Bo and Liu, Min},
  journal={Stanford University report},
  year={2015}
}

@inproceedings{hofmann1999probabilistic,
  title={Probabilistic latent semantic analysis},
  author={Hofmann, Thomas},
  booktitle={Proceedings of the Fifteenth conference on Uncertainty in artificial intelligence},
  pages={289--296},
  year={1999},
  organization={Morgan Kaufmann Publishers Inc.}
}

@article{steyvers2007probabilistic,
  title={Probabilistic topic models},
  author={Steyvers, Mark and Griffiths, Tom},
  journal={Handbook of latent semantic analysis},
  volume={427},
  number={7},
  pages={424--440},
  year={2007}
}

@inproceedings{carenini2005extracting,
  title={Extracting knowledge from evaluative text},
  author={Carenini, Giuseppe and Ng, Raymond T and Zwart, Ed},
  booktitle={Proceedings of the 3rd international conference on Knowledge capture},
  pages={11--18},
  year={2005},
  organization={ACM}
}

@inproceedings{zhai2010grouping,
  title={Grouping product features using semi-supervised learning with soft-constraints},
  author={Zhai, Zhongwu and Liu, Bing and Xu, Hua and Jia, Peifa},
  booktitle={Proceedings of the 23rd international conference on computational linguistics},
  pages={1272--1280},
  year={2010},
  organization={Association for Computational Linguistics}
}

@inproceedings{mukherjee2012aspect,
  title={Aspect extraction through semi-supervised modeling},
  author={Mukherjee, Arjun and Liu, Bing},
  booktitle={Proceedings of the 50th annual meeting of the association for computational linguistics: Long papers-volume 1},
  pages={339--348},
  year={2012},
  organization={Association for Computational Linguistics}
}

@inproceedings{davidov2010enhanced,
  title={Enhanced sentiment learning using twitter hashtags and smileys},
  author={Davidov, Dmitry and Tsur, Oren and Rappoport, Ari},
  booktitle={Proceedings of the 23rd international conference on computational linguistics: posters},
  pages={241--249},
  year={2010},
  organization={Association for Computational Linguistics}
}

@inproceedings{tang-etal-2014-coooolll,
    title = "{C}oooolll: A Deep Learning System for Twitter Sentiment Classification",
    author = "Tang, Duyu  and
      Wei, Furu  and
      Qin, Bing  and
      Liu, Ting  and
      Zhou, Ming",
    booktitle = "Proceedings of the 8th International Workshop on Semantic Evaluation ({S}em{E}val 2014)",
    month = aug,
    year = "2014",
    address = "Dublin, Ireland",
    publisher = "Association for Computational Linguistics",
    url = "https://www.aclweb.org/anthology/S14-2033",
    doi = "10.3115/v1/S14-2033",
    pages = "208--212",
}